<?xml version="1.0" encoding="UTF-8"?>
<record>
  <leader>01682naa a2200361 c 4500</leader>
  <controlfield tag="003">DE-605</controlfield>
  <controlfield tag="005">20250204162844.0</controlfield>
  <controlfield tag="007">tu</controlfield>
  <controlfield tag="008">250204|2024    gw            ||| |dger c</controlfield>
  <controlfield tag="001">99375256366506441</controlfield>
  <datafield tag="035" ind1=" " ind2=" ">
    <subfield code="a">(DE-605)HT030940334</subfield>
  </datafield>
  <datafield tag="040" ind1=" " ind2=" ">
    <subfield code="a">DE-61</subfield>
    <subfield code="b">ger</subfield>
    <subfield code="c">DE-61</subfield>
    <subfield code="d">DE-61</subfield>
    <subfield code="e">rda</subfield>
  </datafield>
  <datafield tag="041" ind1=" " ind2=" ">
    <subfield code="a">ger</subfield>
  </datafield>
  <datafield tag="044" ind1=" " ind2=" ">
    <subfield code="c">XA-DE</subfield>
  </datafield>
  <datafield tag="084" ind1=" " ind2=" ">
    <subfield code="a">Düsseldorf</subfield>
    <subfield code="0">https://nwbib.de/spatial#Q1718</subfield>
    <subfield code="2">nwbib</subfield>
  </datafield>
  <datafield tag="084" ind1=" " ind2=" ">
    <subfield code="a">Industriebetriebe</subfield>
    <subfield code="0">https://nwbib.de/subjects#N547460</subfield>
    <subfield code="2">nwbib</subfield>
  </datafield>
  <datafield tag="100" ind1="1" ind2=" ">
    <subfield code="a">Elzer, Herbert</subfield>
    <subfield code="d">1961-</subfield>
    <subfield code="0">(DE-588)172062322</subfield>
    <subfield code="4">aut</subfield>
    <subfield code="0">https://d-nb.info/gnd/172062322</subfield>
    <subfield code="0">http://viaf.org/viaf/314146462688327772168</subfield>
    <subfield code="B">GND-172062322</subfield>
  </datafield>
  <datafield tag="245" ind1="1" ind2="0">
    <subfield code="a">Verlegenheitslösung oder unternehmerische Chance?</subfield>
    <subfield code="b">das Bundesministerium für Wirtschaft und der Einstieg von Röchling als Mehrheitsaktionär bei Rheinmetall (1953-1956)</subfield>
    <subfield code="c">Herbert Elzer</subfield>
  </datafield>
  <datafield tag="246" ind1="1" ind2="1">
    <subfield code="a">Stopgap solution or entrepreneurial opportunity?</subfield>
    <subfield code="b">the Federal Ministry of Economy and the getting in of the Roechling plant as majority shareholder of Rheinmetall (1953-1956)</subfield>
  </datafield>
  <datafield tag="264" ind1=" " ind2="1">
    <subfield code="c">2024</subfield>
  </datafield>
  <datafield tag="336" ind1=" " ind2=" ">
    <subfield code="b">txt</subfield>
  </datafield>
  <datafield tag="337" ind1=" " ind2=" ">
    <subfield code="b">n</subfield>
  </datafield>
  <datafield tag="338" ind1=" " ind2=" ">
    <subfield code="b">nc</subfield>
  </datafield>
  <datafield tag="689" ind1="0" ind2="0">
    <subfield code="a">Gebr. Röchling</subfield>
    <subfield code="D">b</subfield>
    <subfield code="0">(DE-588)4636054-2</subfield>
    <subfield code="B">GND-961527307</subfield>
  </datafield>
  <datafield tag="689" ind1="0" ind2="1">
    <subfield code="a">Unternehmenskauf</subfield>
    <subfield code="D">s</subfield>
    <subfield code="0">(DE-588)4078600-6</subfield>
    <subfield code="B">GND-040786005</subfield>
  </datafield>
  <datafield tag="689" ind1="0" ind2="2">
    <subfield code="a">Rheinmetall-Borsig AG</subfield>
    <subfield code="D">b</subfield>
    <subfield code="0">(DE-588)64352-X</subfield>
    <subfield code="B">GND-000643521</subfield>
  </datafield>
  <datafield tag="689" ind1="0" ind2="3">
    <subfield code="a">Deutschland</subfield>
    <subfield code="g">Bundesrepublik</subfield>
    <subfield code="b">Wirtschaftsministerium</subfield>
    <subfield code="D">b</subfield>
    <subfield code="0">(DE-588)4070426-9</subfield>
    <subfield code="B">GND-040704262</subfield>
  </datafield>
  <datafield tag="689" ind1="0" ind2="4">
    <subfield code="a">Geschichte 1953-1956</subfield>
    <subfield code="A">z</subfield>
  </datafield>
  <datafield tag="035" ind1=" " ind2=" ">
    <subfield code="a">(DE-599)HBZHT030940334</subfield>
  </datafield>
  <datafield tag="024" ind1="7" ind2=" ">
    <subfield code="a">https://biblioscout.net/article/10.25162/vswg-2024-0016</subfield>
    <subfield code="2">doi</subfield>
  </datafield>
  <datafield tag="960" ind1="1" ind2=" ">
    <subfield code="n">NWBib-61</subfield>
  </datafield>
  <datafield tag="856" ind1="4" ind2="0">
    <subfield code="u">https://biblioscout.net/article/10.25162/vswg-2024-0016</subfield>
    <subfield code="x">Resolving-System</subfield>
  </datafield>
  <datafield tag="773" ind1="0" ind2="8">
    <subfield code="i">Enthalten in</subfield>
    <subfield code="t">Vierteljahrschrift für Sozial- und Wirtschaftsgeschichte</subfield>
    <subfield code="d">Stuttgart, 2024</subfield>
    <subfield code="g">Band 111, Heft 4 (2024), Seite 495-528</subfield>
    <subfield code="w">(DE-600)200400-8</subfield>
  </datafield>
  <datafield tag="MBD" ind1=" " ind2=" ">
    <subfield code="M">49HBZ_NETWORK</subfield>
    <subfield code="i">99375256366506441</subfield>
    <subfield code="n">HBZ Network</subfield>
  </datafield>
  <datafield tag="MNG" ind1=" " ind2=" ">
    <subfield code="c">System</subfield>
    <subfield code="f">49HBZ_NETWORK</subfield>
    <subfield code="i">marc21</subfield>
    <subfield code="l">63</subfield>
    <subfield code="k">01</subfield>
    <subfield code="e">false</subfield>
    <subfield code="d">2025-02-19 20:10:32 Europe/Berlin</subfield>
    <subfield code="g">99375256366506441</subfield>
    <subfield code="j">60</subfield>
    <subfield code="a">gumperth######49HBZ_DUE</subfield>
    <subfield code="b">2025-02-04 16:11:40 Europe/Berlin</subfield>
  </datafield>
  <datafield tag="GSI" ind1="7" ind2=" ">
    <subfield code="a">172062322</subfield>
    <subfield code="0">http://d-nb.info/gnd/172062322</subfield>
    <subfield code="2">gnd</subfield>
    <subfield code="A">GND</subfield>
    <subfield code="B">GND-172062322</subfield>
    <subfield code="C">024</subfield>
  </datafield>
  <datafield tag="GST" ind1=" " ind2=" ">
    <subfield code="a">Betrieb</subfield>
    <subfield code="x">Kauf</subfield>
    <subfield code="A">GND</subfield>
    <subfield code="B">GND-040786005</subfield>
    <subfield code="C">450</subfield>
  </datafield>
  <datafield tag="GST" ind1=" " ind2=" ">
    <subfield code="a">Unternehmen</subfield>
    <subfield code="x">Kauf</subfield>
    <subfield code="A">GND</subfield>
    <subfield code="B">GND-040786005</subfield>
    <subfield code="C">450</subfield>
  </datafield>
  <datafield tag="GST" ind1=" " ind2=" ">
    <subfield code="a">Unternehmensakquisition</subfield>
    <subfield code="A">GND</subfield>
    <subfield code="B">GND-040786005</subfield>
    <subfield code="C">450</subfield>
  </datafield>
  <datafield tag="GST" ind1=" " ind2=" ">
    <subfield code="a">Akquisition</subfield>
    <subfield code="x">Unternehmen</subfield>
    <subfield code="A">GND</subfield>
    <subfield code="B">GND-040786005</subfield>
    <subfield code="C">450</subfield>
  </datafield>
  <datafield tag="GST" ind1=" " ind2=" ">
    <subfield code="a">Unternehmensübernahme</subfield>
    <subfield code="A">GND</subfield>
    <subfield code="B">GND-040786005</subfield>
    <subfield code="C">450</subfield>
  </datafield>
  <datafield tag="GST" ind1=" " ind2=" ">
    <subfield code="a">Unternehmen</subfield>
    <subfield code="x">Übernahme</subfield>
    <subfield code="A">GND</subfield>
    <subfield code="B">GND-040786005</subfield>
    <subfield code="C">450</subfield>
  </datafield>
  <datafield tag="GST" ind1=" " ind2=" ">
    <subfield code="a">Buy out</subfield>
    <subfield code="A">GND</subfield>
    <subfield code="B">GND-040786005</subfield>
    <subfield code="C">450</subfield>
  </datafield>
  <datafield tag="GST" ind1=" " ind2=" ">
    <subfield code="a">Buy-out</subfield>
    <subfield code="A">GND</subfield>
    <subfield code="B">GND-040786005</subfield>
    <subfield code="C">450</subfield>
  </datafield>
  <datafield tag="GST" ind1=" " ind2=" ">
    <subfield code="a">Buyout</subfield>
    <subfield code="A">GND</subfield>
    <subfield code="B">GND-040786005</subfield>
    <subfield code="C">450</subfield>
  </datafield>
  <datafield tag="GST" ind1=" " ind2=" ">
    <subfield code="a">Corporate buyout</subfield>
    <subfield code="A">GND</subfield>
    <subfield code="B">GND-040786005</subfield>
    <subfield code="C">450</subfield>
  </datafield>
  <datafield tag="GSI" ind1="7" ind2=" ">
    <subfield code="a">4078600-6</subfield>
    <subfield code="0">http://d-nb.info/gnd/4078600-6</subfield>
    <subfield code="2">gnd</subfield>
    <subfield code="A">GND</subfield>
    <subfield code="B">GND-040786005</subfield>
    <subfield code="C">024</subfield>
  </datafield>
  <datafield tag="GKT" ind1="1" ind2=" ">
    <subfield code="a">Deutschland</subfield>
    <subfield code="g">Bundesrepublik</subfield>
    <subfield code="b">Bundesminister für Wirtschaft</subfield>
    <subfield code="A">GND</subfield>
    <subfield code="B">GND-040704262</subfield>
    <subfield code="C">410</subfield>
  </datafield>
  <datafield tag="GKT" ind1="1" ind2=" ">
    <subfield code="a">Bundesministerium für Wirtschaft</subfield>
    <subfield code="b">Deutschland</subfield>
    <subfield code="g">Bundesrepublik</subfield>
    <subfield code="A">GND</subfield>
    <subfield code="B">GND-040704262</subfield>
    <subfield code="C">410</subfield>
  </datafield>
  <datafield tag="GKT" ind1="1" ind2=" ">
    <subfield code="a">Bundeswirtschaftsministerium</subfield>
    <subfield code="b">Deutschland</subfield>
    <subfield code="g">Bundesrepublik</subfield>
    <subfield code="A">GND</subfield>
    <subfield code="B">GND-040704262</subfield>
    <subfield code="C">410</subfield>
  </datafield>
  <datafield tag="GKT" ind1="1" ind2=" ">
    <subfield code="a">Bundesminister für Wirtschaft</subfield>
    <subfield code="b">Deutschland</subfield>
    <subfield code="g">Bundesrepublik</subfield>
    <subfield code="A">GND</subfield>
    <subfield code="B">GND-040704262</subfield>
    <subfield code="C">410</subfield>
  </datafield>
  <datafield tag="GKT" ind1="2" ind2=" ">
    <subfield code="a">BMWi</subfield>
    <subfield code="4">abku</subfield>
    <subfield code="i">Abkuerzung</subfield>
    <subfield code="A">GND</subfield>
    <subfield code="B">GND-040704262</subfield>
    <subfield code="C">410</subfield>
  </datafield>
  <datafield tag="GSI" ind1="7" ind2=" ">
    <subfield code="a">4070426-9</subfield>
    <subfield code="0">http://d-nb.info/gnd/4070426-9</subfield>
    <subfield code="2">gnd</subfield>
    <subfield code="A">GND</subfield>
    <subfield code="B">GND-040704262</subfield>
    <subfield code="C">024</subfield>
  </datafield>
  <datafield tag="GKT" ind1="2" ind2=" ">
    <subfield code="a">Rheinmetall-Borsig-Aktiengesellschaft</subfield>
    <subfield code="A">GND</subfield>
    <subfield code="B">GND-000643521</subfield>
    <subfield code="C">410</subfield>
  </datafield>
  <datafield tag="GSI" ind1="7" ind2=" ">
    <subfield code="a">64352-X</subfield>
    <subfield code="0">http://d-nb.info/gnd/64352-X</subfield>
    <subfield code="2">gnd</subfield>
    <subfield code="A">GND</subfield>
    <subfield code="B">GND-000643521</subfield>
    <subfield code="C">024</subfield>
  </datafield>
  <datafield tag="GKT" ind1="2" ind2=" ">
    <subfield code="a">Gebrüder Röchling</subfield>
    <subfield code="A">GND</subfield>
    <subfield code="B">GND-961527307</subfield>
    <subfield code="C">410</subfield>
  </datafield>
  <datafield tag="GKT" ind1="2" ind2=" ">
    <subfield code="a">Gebrüder Röchling KG</subfield>
    <subfield code="9">v:2001-2014</subfield>
    <subfield code="A">GND</subfield>
    <subfield code="B">GND-961527307</subfield>
    <subfield code="C">410</subfield>
  </datafield>
  <datafield tag="GKT" ind1="2" ind2=" ">
    <subfield code="a">Röchling-Holding</subfield>
    <subfield code="A">GND</subfield>
    <subfield code="B">GND-961527307</subfield>
    <subfield code="C">410</subfield>
  </datafield>
  <datafield tag="GKT" ind1="2" ind2=" ">
    <subfield code="a">Röchling</subfield>
    <subfield code="g">Firma</subfield>
    <subfield code="A">GND</subfield>
    <subfield code="B">GND-961527307</subfield>
    <subfield code="C">410</subfield>
  </datafield>
  <datafield tag="GKT" ind1="2" ind2=" ">
    <subfield code="a">Gebr. Röchling Ludwigshafen am Rhein</subfield>
    <subfield code="A">GND</subfield>
    <subfield code="B">GND-961527307</subfield>
    <subfield code="C">410</subfield>
  </datafield>
  <datafield tag="GKT" ind1="2" ind2=" ">
    <subfield code="a">Gebr. Röchling Eisenhandelsgesellschaft Ludwigshafen am Rhein</subfield>
    <subfield code="A">GND</subfield>
    <subfield code="B">GND-961527307</subfield>
    <subfield code="C">410</subfield>
  </datafield>
  <datafield tag="GSI" ind1="7" ind2=" ">
    <subfield code="a">4636054-2</subfield>
    <subfield code="0">http://d-nb.info/gnd/4636054-2</subfield>
    <subfield code="2">gnd</subfield>
    <subfield code="A">GND</subfield>
    <subfield code="B">GND-961527307</subfield>
    <subfield code="C">024</subfield>
  </datafield>
</record>
